@article{Maki2018,
author = {M{\"{a}}ki, Antti Juhana and Verho, Jarmo and Kreutzer, Joose and Ryyn{\"{a}}nen, Tomi and Rajan, Dhanesh and Pekkanen-Mattila, Mari and Ahola, Antti and Hyttinen, Jari and Aalto-Set{\"{a}}l{\"{a}}, Katriina and Lekkala, Jukka and Kallio, Pasi},
doi = {10.1177/2472630318768710},
issn = {24726311},
journal = {SLAS Technology},
keywords = {cell culture,feedback control,microfluidics,modeling,temperature,system identification},
mendeley-tags = {ref_write_latex_using_word},
number = {6},
pages = {566--579},
title = {A Portable Microscale Cell Culture System with Indirect Temperature Control},
volume = {23},
year = {2018}
}
@article{Maki2016,
author = {M{\"{a}}ki, Antti-Juhana and Ryyn{\"{a}}nen, Tomi and Verho, Jarmo and Kreutzer, Joose and Lekkala, Jukka and Kallio, Pasi},
doi = {10.1109/TASE.2016.2613912},
issn = {15455955},
journal = {IEEE Transactions on Automation Science and Engineering},
keywords = {temperature, modeling, system identification },
mendeley-tags = {ref_write_latex_using_word},
number = {2},
pages = {420--429},
title = {Indirect Temperature Measurement and Control Method for Cell Culture Devices},
volume = {15},
year = {2018}
}
@book{Dorf2005,
author = {Dorf, Richard C and Bishop, Robert H},
booktitle = {Modern control systems},
edition = {10},
isbn = {0136024580;9780136024583},
keywords = {Automatic control, Control systems, Control theory, Feedback control systems },
pages = {1--912},
publisher = {Prentice Hall},
year = {2005}
}
